@article{celenk1991colour,
  title={Colour image segmentation by clustering},
  author={Celenk, Mehmet},
  journal={Computers and Digital Techniques, IEE Proceedings E},
  volume={138},
  number={5},
  pages={368--376},
  year={1991},
  publisher={IET}
}

@book{turi2001clustering,
  title={Clustering-based colour image segmentation},
  author={Turi, Rose Helena},
  year={2001},
  publisher={Monash University PhD thesis}
}

@article{mccann2007camera,
  title={Camera and visual veiling glare in HDR images},
  author={McCann, John J and Rizzi, Alessandro},
  journal={Journal of the Society for Information Display},
  volume={15},
  number={9},
  pages={721--730},
  year={2007},
  publisher={Wiley Online Library}
}

@misc{opencvorg,
  author = {OpenCV},
  title = {{Open Source Computer Vision}},
  howpublished = "\url{opencv.org}",
  year = {2013}, 
  note = "[Online; accessed 25-October-2013]"
}

@misc{tolga2008,
  author = {Tolga Birdal},
  title = {{Image Processing Basics in C}},
  howpublished = "\url{http://www.codeproject.com/Articles/31014/Image-Processing-Basics-in-C}",
  year = {2008}, 
  note = "[Online; accessed 19-October-2013]"
}

@misc{truchsess2010,
  author = {Wayne Truchsess},
  title = {{Effects of Varying I2C Pull-Up Resistors}},
  howpublished = "\url{http://www.dsscircuits.com/articles/effects-of-varying-i2c-pull-up-resistors.html}",
  year = {2010}, 
  note = "[Online; accessed 2-October-2013]"
}

@book{jain1995machine,
  title={Machine vision},
  author={Jain, Ramesh and Kasturi, Rangachar and Schunck, Brian G},
  volume={5},
  year={1995},
  publisher={McGraw-Hill New York}
}

@article{lee1980digital,
  title={Digital image enhancement and noise filtering by use of local statistics},
  author={Lee, Jong-Sen},
  journal={Pattern Analysis and Machine Intelligence, IEEE Transactions on},
  volume={1},
  number={2},
  pages={165--168},
  year={1980},
  publisher={IEEE}
}

@article{galatsanos1992methods,
  title={Methods for choosing the regularization parameter and estimating the noise variance in image restoration and their relation},
  author={Galatsanos, Nikolas P and Katsaggelos, Aggelos K},
  journal={Image Processing, IEEE Transactions on},
  volume={1},
  number={3},
  pages={322--336},
  year={1992},
  publisher={IEEE}
}

@inproceedings{rowe2002low,
  title={A low cost embedded color vision system},
  author={Rowe, Anthony and Rosenberg, Charles and Nourbakhsh, Illah},
  booktitle={Intelligent Robots and Systems, 2002. IEEE/RSJ International Conference on},
  volume={1},
  pages={208--213},
  year={2002},
  organization={IEEE}
}

@article{golnabi2007design,
  title={Design and application of industrial machine vision systems},
  author={Golnabi, H and Asadpour, A},
  journal={Robotics and Computer-Integrated Manufacturing},
  volume={23},
  number={6},
  pages={630--637},
  year={2007},
  publisher={Elsevier}
}

@inproceedings{zielinski2006rubik,
  title={Rubik's cube puzzle as a benchmark for service robots},
  author={Zielinski, Cezary and Szynkiewicz, Wojciech and Winiarski, Tomasz and Staniak, Maciej},
  booktitle={Proceedings of the 12th IEEE International Conference on Methods and Models in Automation and Robotics, MMAR'2006},
  pages={579--84},
  year={2006},
  organization={Citeseer}
}

@article{murray2000using,
  title={Using real-time stereo vision for mobile robot navigation},
  author={Murray, Don and Little, James J},
  journal={Autonomous Robots},
  volume={8},
  number={2},
  pages={161--171},
  year={2000},
  publisher={Springer}
}

@misc{tcm8230md,
  author = {Toshiba},
  title = {{Toshiba CMOS Digital Integrated Circuit TCM8230MD}},
  howpublished = "\url{https://www.sparkfun.com/datasheets/Sensors/Imaging/TCM8230MD.pdf}",
  year = {2004}, 
  note = "[Online; accessed 22-October-2013]"
}

@misc{lt1616,
  author = {Linear Technology},
  title = {{Linear Technology Step-Down Switching Regulator}},
  howpublished = "\url{http://cds.linear.com/docs/en/datasheet/lt1616fs.pdf}",
  year = {2013}, 
  note = "[Online; accessed 22-October-2013]"
}

@misc{at32uc3c,
  author = {Atmel},
  title = {{32-bit AVR Microcontroller AT32UC3C1512C}},
  howpublished = "\url{http://www.atmel.com/Images/doc32117.pdf}",
  year = {2013}, 
  note = "[Online; accessed 22-October-2013]"
}

@misc{uc3schematic,
  author = {Atmel},
  title = {{32-bit AVR UC3 C Series Schematic Checklist}},
  howpublished = "\url{http://www.atmel.com/Images/doc32157.pdf}",
  year = {2013}, 
  note = "[Online; accessed 22-October-2013]"
}

@misc{hd44780,
  author = {Hitachi},
  title = {{Dot Matrix Liquid Crystal Display Controller/Driver}},
  howpublished = "\url{https://www.sparkfun.com/datasheets/LCD/HD44780.pdf}",
  year = {1999}, 
  note = "[Online; accessed 24-October-2013]"
}

@misc{opencv,
  author = {Andrej Karpathy},
  title = {{Extracting sticker colors on Rubik's Cube}},
  howpublished = "\url{http://www.cs.ubc.ca/~andrejk/525project/}",
  year = {2010}, 
  note = "[Online; accessed 25-October-2013]"
}

@article{matthies1994stochastic,
  title={Stochastic performance, modeling and evaluation of obstacle detectability with imaging range sensors},
  author={Matthies, Larry and Grandjean, Pierrick},
  journal={Robotics and Automation, IEEE Transactions on},
  volume={10},
  number={6},
  pages={783--792},
  year={1994},
  publisher={IEEE}
}
